@techreport{GaNSiCTexInstru,
    title = {GaN and SiC enable increased
energy efficiency in power
supplies},
    author = {Sameer Pendharkar},
    group = {TI Fellow and High Voltage Technology Roadmap Manager},
    year = {2018},
    month = {03},
    institution = {Texas Instruments}
}
@misc{InfineonWide,
    title = {Wide Bandgap Semiconductors (SiC/GaN)},
    howpublished={\url{https://www.infineon.com/cms/en/product/technology/wide-bandgap-semiconductors-sic-gan/}},
    institution = {Infineon},
}